<record xmlns='http://www.loc.gov/MARC21/slim'><leader>01328cim a22003252u 4500</leader><controlfield tag='001'>3601920</controlfield><controlfield tag='005'>20151214182958.0</controlfield><controlfield tag='007'>ss|lmnjluz|nuu</controlfield><controlfield tag='008'>991101s1988    nyunnn         l    eng d</controlfield><datafield ind1=' ' ind2=' ' tag='035'><subfield code='a'>(NIC)notisASF8985</subfield></datafield><datafield ind1=' ' ind2=' ' tag='035'><subfield code='a'>3601920</subfield></datafield><datafield ind1=' ' ind2=' ' tag='035'><subfield code='a'>(OCoLC)63898486</subfield></datafield><datafield ind1=' ' ind2=' ' tag='040'><subfield code='a'>NIC</subfield><subfield code='c'>NIC</subfield><subfield code='d'>NIC</subfield><subfield code='d'>NIC</subfield></datafield><datafield ind1='1' ind2=' ' tag='100'><subfield code='a'>Mohawk, John,</subfield><subfield code='d'>1945-2006.</subfield></datafield><datafield ind1='1' ind2='0' tag='245'><subfield code='a'>Denonville and Sullivan campaigns: record of Iroquois agriculture</subfield><subfield code='h'>[sound recording]</subfield></datafield><datafield ind1=' ' ind2=' ' tag='260'><subfield code='c'>1988.</subfield></datafield><datafield ind1=' ' ind2=' ' tag='300'><subfield code='a'>2 sound cassettes :</subfield><subfield code='b'>analog, mono.</subfield></datafield><datafield ind1=' ' ind2=' ' tag='500'><subfield code='a'>Recorded in Ithaca, NY by Cornell University.</subfield></datafield><datafield ind1=' ' ind2=' ' tag='500'><subfield code='a'>Accompanied by: Notes.</subfield></datafield><datafield ind1=' ' ind2=' ' tag='500'><subfield code='a'>Sponsored by: American Indian Program.</subfield></datafield><datafield ind1=' ' ind2=' ' tag='500'><subfield code='a'>Speaker(s): Professor of American studies, SUNY-Buffalo.</subfield></datafield><datafield ind1=' ' ind2=' ' tag='518'><subfield code='a'>Lecture, September 26, 1988.</subfield></datafield><datafield ind1=' ' ind2=' ' tag='520'><subfield code='a'>Mohawk shifts his presentation from a discussion of Indian agricultural practices to focus on the contributions which the Iroquois Indians made to the construction of the United States Constitution.</subfield></datafield><datafield ind1=' ' ind2='0' tag='650'><subfield code='a'>Indians of North America</subfield><subfield code='x'>Iroquois Indians</subfield><subfield code='x'>Agriculture.</subfield></datafield><datafield ind1=' ' ind2='0' tag='650'><subfield code='a'>Iroquois Indians.</subfield></datafield><datafield ind1=' ' ind2='7' tag='650'><subfield code='a'>Iroquois Indians</subfield><subfield code='2'>fast</subfield><subfield code='0'>(OCoLC)fst00979404</subfield></datafield><datafield ind1=' ' ind2='0' tag='830'><subfield code='a'>Cultural encounter: corn--Indian gift to the world.</subfield></datafield><datafield ind1='1' ind2=' ' tag='899'><subfield code='a'>CULectures</subfield></datafield><datafield ind1=' ' ind2=' ' tag='905'><subfield code='a'>20000301120000.0</subfield></datafield><datafield ind1='2' ind2=' ' tag='948'><subfield code='a'>20141221</subfield><subfield code='b'>m</subfield><subfield code='d'>batch</subfield><subfield code='e'>lts</subfield><subfield code='x'>addfast</subfield></datafield></record>